<record><leader>00000cas a22000007a 4500</leader><controlfield tag="001">11529453</controlfield><controlfield tag="008">841228d18721897cauwr ne      0    0eng d</controlfield><datafield ind1=" " ind2=" " tag="010"><subfield code="a">sn 84038809 </subfield></datafield><datafield ind1=" " ind2=" " tag="040"><subfield code="a">NPX</subfield><subfield code="b">eng</subfield><subfield code="c">NPX</subfield><subfield code="d">ANU</subfield><subfield code="d">CNK</subfield><subfield code="d">OCL</subfield><subfield code="d">CNK</subfield><subfield code="d">OCLCQ</subfield><subfield code="d">OCLCF</subfield><subfield code="d">OCLCO</subfield></datafield><datafield ind1=" " ind2=" " tag="042"><subfield code="a">msc</subfield></datafield><datafield ind1=" " ind2=" " tag="043"><subfield code="a">n-us-ca</subfield></datafield><datafield ind1="0" ind2=" " tag="130"><subfield code="a">Weekly express (Los Angeles, Calif.)</subfield></datafield><datafield ind1="1" ind2="0" tag="245"><subfield code="a">Weekly express.</subfield></datafield><datafield ind1=" " ind2=" " tag="260"><subfield code="a">Los Angeles, Calif. :</subfield><subfield code="b">Tiffany &amp; Co.</subfield></datafield><datafield ind1=" " ind2=" " tag="300"><subfield code="a">v.</subfield></datafield><datafield ind1=" " ind2=" " tag="310"><subfield code="a">Weekly</subfield></datafield><datafield ind1="0" ind2=" " tag="362"><subfield code="a">Vol. 1, no. 1 (Apr. 4, 1872)-v. 26, no. 51 (Mar. 18, 1897).</subfield></datafield><datafield ind1=" " ind2=" " tag="515"><subfield code="a">Numbering is irregular.</subfield></datafield><datafield ind1=" " ind2="0" tag="651"><subfield code="a">Los Angeles (Calif.)</subfield><subfield code="v">Newspapers.</subfield></datafield><datafield ind1=" " ind2="7" tag="655"><subfield code="a">Newspapers.</subfield><subfield code="2">fast</subfield><subfield code="0">(OCoLC)fst01423814</subfield></datafield><datafield ind1=" " ind2="7" tag="651"><subfield code="a">California</subfield><subfield code="z">Los Angeles.</subfield><subfield code="2">fast</subfield><subfield code="0">(OCoLC)fst01204540</subfield></datafield><datafield ind1=" " ind2=" " tag="752"><subfield code="a">United States</subfield><subfield code="b">California</subfield><subfield code="c">Los Angeles</subfield><subfield code="d">Los Angeles.</subfield></datafield><datafield ind1="0" ind2=" " tag="775"><subfield code="t">Daily evening express (Los Angeles, Calif.)</subfield><subfield code="w">(DLC)sn 84038804</subfield></datafield><datafield ind1="0" ind2=" " tag="775"><subfield code="t">Evening express (Los Angeles, Calif. : 1871)</subfield><subfield code="w">(DLC)sn 82014190</subfield></datafield><datafield ind1="0" ind2=" " tag="775"><subfield code="t">Evening express (Los Angeles, Calif. : 1877)</subfield><subfield code="w">(DLC)sn 93052524</subfield></datafield><datafield ind1="0" ind2="0" tag="785"><subfield code="t">Los Angeles weekly express</subfield><subfield code="w">(DLC)sn 93052535</subfield></datafield></record>